@Article{Blinn87,
  author = 	 {James F. Blinn},
  title = 	 {How to Write a Paper for Siggraph},
  journal = 	 {IEEE Computer Graphics and Applications},
  year = 	 {1987},
  OPTkey = 	 {},
  volume = 	 {7},
  number = 	 {12},
  pages = 	 {62--64},
  month = 	 {Dezembro},
  OPTnote = 	 {},
  OPTannote = 	 {}
}

@Misc{LR,
  OPTkey = 	 {},
  author = 	 {Rog{\'e}rio Lacaz-Ruiz},
  title = 	 {Notas e Reflex{\~o}es sobre Reda{\c c}{\~a}o Cient{\'{\i}}fica},
  howpublished = {\url{http://www.hottopos.com.br/vidlib2/Notas.htm}},
  OPTmonth = 	 {},
  OPTyear = 	 {},
  note = 	 {(acessado em 24/10/2007)},
  OPTannote = 	 {}
}

@Misc{Koop97,
  OPTkey = 	 {},
  author = 	 {Philip Koopman},
  title = 	 {How to write an Abstract},
  howpublished = {\url{http://www.ece.cmu.edu/~koopman/essays/abstract.html}},
  OPTmonth = 	 {},
  OPTyear = 	 {},
  note = 	 {(acessado em 07/11/2007)},
  OPTannote = 	 {}
}

@Misc{K99,
  OPTkey = 	 {},
  author = 	 {Steven L. Kleiman},
  title = 	 {Writing a Math Phase Two Paper},
  howpublished = {\url{http://www.mit.edu/course/other/mathp2/www/piil.html}},
  OPTmonth = 	 {},
  year = 	 {1999},
  note = 	 {(acessado em 08/11/2007)},
  OPTannote = 	 {}
}
